@misc{tichler_slides,
  author={Tichler Krisztián},
  title = {Számítási modellek},
  howpublished = {Egyetemi jegyzet},
  year = {2021},
}

@book{paun2002membrane,
	editor = {Gheorghe Paun.},
	title = {Membrane Computing},
	year = {2002},
	isbn = {978-3-540-43601-0},
	source = {Springer Book Archive},
	publisher = {Springer, Berlin, Heidelberg},
}

@book{savage2008modelsofcomp,
	editor = {John E. Savage},
	title = {Models of Computation},
	year = {2008},
	howpublished = {\url{https://cs.brown.edu/people/jsavage/book/pdfs/ModelsOfComputation.pdf}}
}

@book{cormen2009algorithms,
	author = {Cormen, Thomas H. and Leiserson, Charles E. and Rivest, Ronald L. and Stein, Clifford},
	title = {Introduction to Algorithms, Third Edition},
	year = {2009},
	isbn = {0262033844, 9780262033848},
	edition = {3rd},
	publisher = {The MIT Press},
}

@incollection{dijkstra1979goto,
	author = {Dijkstra, E.},
	chapter = {Go to Statement Considered Harmful},
	title = {Classics in Software Engineering},
	editor = {Yourdon, Edward Nash},
	year = {1979},
	isbn = {0-917072-14-6},
	pages = {27--33},
	numpages = {7},
	url = {http://dl.acm.org/citation.cfm?id=1241515.1241518},
	acmid = {1241518},
	publisher = {Yourdon Press},
	address = {Upper Saddle River, NJ, USA},
}

@article{krasner1988mvc,
	author = {Krasner, Glenn E. and Pope, Stephen T.},
	title = {A Cookbook for Using the Model-View-Controller User Interface Paradigm in Smalltalk-80},
	journal = {J. Object Oriented Program.},
	issue_date = {Aug./Sept. 1988},
	volume = {1},
	number = {3},
	month = aug,
	year = {1988},
	issn = {0896-8438},
	pages = {26--49},
	numpages = {24},
	url = {http://dl.acm.org/citation.cfm?id=50757.50759},
	acmid = {50759},
	publisher = {SIGS Publications},
	address = {Denville, NJ, USA},
} 

